<record><leader>00000cas a22000007a 4500</leader><controlfield tag="001">12728783</controlfield><controlfield tag="008">851028u1946uuuunjuwr ne      0    0ger c</controlfield><datafield ind1=" " ind2=" " tag="010"><subfield code="a">sn 85035929 </subfield></datafield><datafield ind1=" " ind2=" " tag="040"><subfield code="a">NPA</subfield><subfield code="b">eng</subfield><subfield code="c">NPA</subfield><subfield code="d">NST</subfield><subfield code="d">DLC</subfield><subfield code="d">OCL</subfield><subfield code="d">HUL</subfield><subfield code="d">DLC</subfield><subfield code="d">OCL</subfield><subfield code="d">OCLCQ</subfield><subfield code="d">OCLCF</subfield><subfield code="d">OCLCO</subfield></datafield><datafield ind1=" " ind2=" " tag="019"><subfield code="a">28490565</subfield></datafield><datafield ind1=" " ind2=" " tag="022"><subfield code="a">0044-2070</subfield><subfield code="l">0044-2070</subfield></datafield><datafield ind1="1" ind2=" " tag="029"><subfield code="a">AU@</subfield><subfield code="b">000004812281</subfield></datafield><datafield ind1=" " ind2=" " tag="037"><subfield code="b">Die Zeit, 153 South Dean Street, Englewood, N.J.</subfield></datafield><datafield ind1=" " ind2=" " tag="042"><subfield code="a">pcc</subfield></datafield><datafield ind1=" " ind2=" " tag="043"><subfield code="a">n-us-nj</subfield></datafield><datafield ind1="0" ind2=" " tag="130"><subfield code="a">Zeit (Englewood, N.J.)</subfield></datafield><datafield ind1="0" ind2=" " tag="210"><subfield code="a">Zeit</subfield></datafield><datafield ind1=" " ind2="4" tag="222"><subfield code="a">Die Zeit</subfield></datafield><datafield ind1="1" ind2="4" tag="245"><subfield code="a">Die Zeit.</subfield></datafield><datafield ind1=" " ind2=" " tag="250"><subfield code="a">Overseas ed.</subfield></datafield><datafield ind1=" " ind2=" " tag="260"><subfield code="a">Englewood, N.J. :</subfield><subfield code="b">Die Zeit</subfield></datafield><datafield ind1=" " ind2=" " tag="300"><subfield code="a">v. :</subfield><subfield code="b">ill. ;</subfield><subfield code="c">56 cm.</subfield></datafield><datafield ind1=" " ind2=" " tag="310"><subfield code="a">Weekly</subfield></datafield><datafield ind1="1" ind2=" " tag="362"><subfield code="a">Began Feb. 21, 1946.</subfield></datafield><datafield ind1=" " ind2=" " tag="500"><subfield code="a">&quot;Wochenzeitung fu&#776;r Politik, Wirtschaft, Handel und Kultur.&quot;</subfield></datafield><datafield ind1=" " ind2=" " tag="588"><subfield code="a">Description based on: 40. Jahrg., Nr. 42 (18. Okt., 1985).</subfield></datafield><datafield ind1=" " ind2="0" tag="651"><subfield code="a">Englewood (N.J.)</subfield><subfield code="v">Newspapers.</subfield></datafield><datafield ind1=" " ind2="7" tag="655"><subfield code="a">Newspapers.</subfield><subfield code="2">fast</subfield><subfield code="0">(OCoLC)fst01423814</subfield></datafield><datafield ind1=" " ind2="7" tag="651"><subfield code="a">New Jersey</subfield><subfield code="z">Englewood.</subfield><subfield code="2">fast</subfield><subfield code="0">(OCoLC)fst01230741</subfield></datafield><datafield ind1=" " ind2=" " tag="752"><subfield code="a">United States</subfield><subfield code="b">New Jersey</subfield><subfield code="c">Bergen</subfield><subfield code="d">Englewood Cliffs.</subfield></datafield><datafield ind1=" " ind2=" " tag="850"><subfield code="a">MH-BA</subfield></datafield></record>